@article{Alwall:2014hca,
      author         = "Alwall, J. and Frederix, R. and Frixione, S. and Hirschi,
                        V. and Maltoni, F. and Mattelaer, O. and Shao, H. -S. and
                        Stelzer, T. and Torrielli, P. and Zaro, M.",
      title          = "{The automated computation of tree-level and
                        next-to-leading order differential cross sections, and
                        their matching to parton shower simulations}",
      journal        = "JHEP",
      volume         = "07",
      year           = "2014",
      pages          = "079",
      doi            = "10.1007/JHEP07(2014)079",
      eprint         = "1405.0301",
      archivePrefix  = "arXiv",
      primaryClass   = "hep-ph",
      reportNumber   = "CERN-PH-TH-2014-064, CP3-14-18, LPN14-066, MCNET-14-09,
                        ZU-TH-14-14",
      SLACcitation   = "%%CITATION = ARXIV:1405.0301;%%"
}

@article{Arnold:2008rz,
      author         = "Arnold, K. and others",
      title          = "{VBFNLO: A Parton level Monte Carlo for processes with
                        electroweak bosons}",
      journal        = "Comput. Phys. Commun.",
      volume         = "180",
      year           = "2009",
      pages          = "1661-1670",
      doi            = "10.1016/j.cpc.2009.03.006",
      eprint         = "0811.4559",
      archivePrefix  = "arXiv",
      primaryClass   = "hep-ph",
      reportNumber   = "KA-TP-31-2008, SFB-CPP-08-95",
      SLACcitation   = "%%CITATION = ARXIV:0811.4559;%%"
}


@article{Arnold:2011wj,
      author         = "Arnold, K. and others",
      title          = "{VBFNLO: A Parton Level Monte Carlo for Processes with
                        Electroweak Bosons -- Manual for Version 2.5.0}",
      year           = "2011",
      eprint         = "1107.4038",
      archivePrefix  = "arXiv",
      primaryClass   = "hep-ph",
      reportNumber   = "KA-TP-15-2011, FTUV-11-0730, WUB-11-06,
                        FR-PHENO-2011-012, MZ-TH-11-19, CERN-PH-TH-2011-1,
                        LPN11-40, DESY-11-125, TTK-10-51, --MZ-TH-11-19,
                        CERN-PH-TH-2011-173, --MAN-HEP-2014-02",
      SLACcitation   = "%%CITATION = ARXIV:1107.4038;%%"
}

@misc{kickoff,
  title = {VBSCan Kickoff Meeting},
  howpublished = {\url{https://indico.cern.ch/event/629638/}}
}

@article{Baglio:2014uba,
      author         = "Baglio, J. and others",
      title          = "{Release Note - VBFNLO 2.7.0}",
      year           = "2014",
      eprint         = "1404.3940",
      archivePrefix  = "arXiv",
      primaryClass   = "hep-ph",
      reportNumber   = "FTUV-14-2903, IFIC-14-26, KA-TP-10-2014, LPN14-062,
                        MAN-HEP-2014-03",
      SLACcitation   = "%%CITATION = ARXIV:1404.3940;%%"
}

@article{Biedermann:2016yds,
      author         = "Biedermann, Benedikt and Denner, Ansgar and Pellen,
                        Mathieu",
      title          = "{Large electroweak corrections to vector-boson scattering
                        at the Large Hadron Collider}",
      journal        = "Phys. Rev. Lett.",
      volume         = "118",
      year           = "2017",
      number         = "26",
      pages          = "261801",
      doi            = "10.1103/PhysRevLett.118.261801",
      eprint         = "1611.02951",
      archivePrefix  = "arXiv",
      primaryClass   = "hep-ph",
      SLACcitation   = "%%CITATION = ARXIV:1611.02951;%%"
}

@article{Rauch:2016pai,
      author         = "Rauch, Michael",
      title          = "{Vector-Boson Fusion and Vector-Boson Scattering}",
      year           = "2016",
      eprint         = "1610.08420",
      archivePrefix  = "arXiv",
      primaryClass   = "hep-ph",
      reportNumber   = "KA-TP-35-2016",
      SLACcitation   = "%%CITATION = ARXIV:1610.08420;%%"
}

@article{Aad:2014zda,
      author         = "Aad, Georges and others",
      title          = "{Evidence for Electroweak Production of
                        $W^{\pm}W^{\pm}jj$ in $pp$ Collisions at $\sqrt{s}=8$ TeV
                        with the ATLAS Detector}",
      collaboration  = "ATLAS",
      journal        = "Phys. Rev. Lett.",
      volume         = "113",
      year           = "2014",
      number         = "14",
      pages          = "141803",
      doi            = "10.1103/PhysRevLett.113.141803",
      eprint         = "1405.6241",
      archivePrefix  = "arXiv",
      primaryClass   = "hep-ex",
      reportNumber   = "CERN-PH-EP-2014-079",
      SLACcitation   = "%%CITATION = ARXIV:1405.6241;%%"
}

@article{Aaboud:2016ffv,
      author         = "Aaboud, Morad and others",
      title          = "{Measurement of $W^{\pm}W^{\pm}$ vector-boson scattering
                        and limits on anomalous quartic gauge couplings with the
                        ATLAS detector}",
      collaboration  = "ATLAS",
      year           = "2016",
      eprint         = "1611.02428",
      archivePrefix  = "arXiv",
      primaryClass   = "hep-ex",
      reportNumber   = "CERN-EP-2016-167",
      SLACcitation   = "%%CITATION = ARXIV:1611.02428;%%"
}

@article{Khachatryan:2014sta,
      author         = "Khachatryan, Vardan and others",
      title          = "{Study of vector boson scattering and search for new
                        physics in events with two same-sign leptons and two
                        jets}",
      collaboration  = "CMS",
      journal        = "Phys. Rev. Lett.",
      volume         = "114",
      year           = "2015",
      number         = "5",
      pages          = "051801",
      doi            = "10.1103/PhysRevLett.114.051801",
      eprint         = "1410.6315",
      archivePrefix  = "arXiv",
      primaryClass   = "hep-ex",
      reportNumber   = "CMS-SMP-13-015, CERN-PH-EP-2014-250",
      SLACcitation   = "%%CITATION = ARXIV:1410.6315;%%"
}

@article{CMS:2017adb,
      title          = "{Observation of electroweak production of same-sign W
                        boson pairs in the two jet and two same-sign lepton final
                        state in proton-proton collisions at 13 TeV}",
      collaboration  = "CMS",
      reportNumber   = "CMS-PAS-SMP-17-004",
      note           = "CMS-PAS-SMP-17-004",
      institution     = CERN
}

@article{Actis:2012qn,
      author         = "Actis, S. and others",
      title          = "{Recursive generation of one-loop amplitudes in the
                        Standard Model}",
      journal        = "JHEP",
      volume         = "04",
      year           = "2013",
      pages          = "037",
      doi            = "10.1007/JHEP04(2013)037",
      eprint         = "1211.6316",
      archivePrefix  = "arXiv",
      primaryClass   = "hep-ph",
      reportNumber   = "PSI-PR-12-09",
      SLACcitation   = "%%CITATION = ARXIV:1211.6316;%%"
}

@article{Actis:2016mpe,
       author         = "Actis, Stefano and others",
      title          = "{RECOLA: REcursive Computation of One-Loop Amplitudes}",
      journal        = "Comput. Phys. Commun.",
      volume         = "214",
      year           = "2017",
      pages          = "140-173",
      doi            = "10.1016/j.cpc.2017.01.004",
      eprint         = "1605.01090",
      archivePrefix  = "arXiv",
      primaryClass   = "hep-ph",
      reportNumber   = "ICCUB-16-020",
      SLACcitation   = "%%CITATION = ARXIV:1605.01090;%%"
}

@article{Denner:2014gla,
      author         = "Denner, Ansgar and Dittmaier, Stefan and Hofer, Lars",
      title          = "{COLLIER - A fortran-library for one-loop integrals}",
      booktitle      = "{Proceedings, 12th DESY Workshop on Elementary Particle
                        Physics: Loops and Legs in Quantum Field Theory (LL2014)}",
      journal        = "PoS",
      volume         = "LL2014",
      year           = "2014",
      pages          = "071",
      eprint         = "1407.0087",
      archivePrefix  = "arXiv",
      primaryClass   = "hep-ph",
      SLACcitation   = "%%CITATION = ARXIV:1407.0087;%%"
}

@article{Denner:2016kdg,
      author         = "Denner, Ansgar and Dittmaier, Stefan and Hofer, Lars",
      title          = "{{\sc Collier}: a fortran-based Complex One-Loop LIbrary in
                        Extended Regularizations}",
      journal        = "Comput. Phys. Commun.",
      volume         = "212",
      year           = "2017",
      pages          = "220-238",
      doi            = "10.1016/j.cpc.2016.10.013",
      eprint         = "1604.06792",
      archivePrefix  = "arXiv",
      primaryClass   = "hep-ph",
      reportNumber   = "FR-PHENO-2016-003, ICCUB-16-016",
      SLACcitation   = "%%CITATION = ARXIV:1604.06792;%%"
}

@article{Biedermann:2017bss,
      author         = "Biedermann, Benedikt and Denner, Ansgar and Pellen,
                        Mathieu",
      title          = "{Complete NLO corrections to ${\rm W}^+{\rm W}^+$
                        scattering and its irreducible background at the LHC}",
      year           = "2017",
      eprint         = "1708.00268",
      archivePrefix  = "arXiv",
      primaryClass   = "hep-ph",
      SLACcitation   = "%%CITATION = ARXIV:1708.00268;%%"
}

@article{Jager:2009xx,
      author         = "J{\"a}ger, B. and Oleari, C. and Zeppenfeld, D.",
      title          = "{Next-to-leading order QCD corrections to $W^+ W^+ jj$ and $W^-
                        W^- jj$ production via weak-boson fusion}",
      journal        = "Phys. Rev.",
      volume         = "D80",
      year           = "2009",
      pages          = "034022",
      doi            = "10.1103/PhysRevD.80.034022",
      eprint         = "0907.0580",
      archivePrefix  = "arXiv",
      primaryClass   = "hep-ph",
      reportNumber   = "KA-TP-09-2009",
      SLACcitation   = "%%CITATION = ARXIV:0907.0580;%%"
}

@article{Jager:2011ms,
      author         = "J{\"a}ger, Barbara and Zanderighi, Giulia",
      title          = "{NLO corrections to electroweak and QCD production of
                        $W^+W^+$ plus two jets in the POWHEGBOX}",
      journal        = "JHEP",
      volume         = "11",
      year           = "2011",
      pages          = "055",
      doi            = "10.1007/JHEP11(2011)055",
      eprint         = "1108.0864",
      archivePrefix  = "arXiv",
      primaryClass   = "hep-ph",
      reportNumber   = "MZ-TH-11-20, OUTP-11-45P",
      SLACcitation   = "%%CITATION = ARXIV:1108.0864;%%"
}

@article{Denner:2012dz,
      author         = "Denner, A. and Ho\v{s}ekov\'a, L. and Kallweit, S.",
      title          = "{NLO QCD corrections to $W^+ W^+ jj$ production in
                        vector-boson fusion at the LHC}",
      journal        = "Phys. Rev.",
      volume         = "D86",
      year           = "2012",
      pages          = "114014",
      doi            = "10.1103/PhysRevD.86.114014",
      eprint         = "1209.2389",
      archivePrefix  = "arXiv",
      primaryClass   = "hep-ph",
      reportNumber   = "LPN12-093, ZU-TH-19-12",
      SLACcitation   = "%%CITATION = ARXIV:1209.2389;%%"
}

@article{Melia:2011gk,
      author         = "Melia, Tom and Nason, Paolo and R{\"o}ntsch, Raoul and
                        Zanderighi, Giulia",
      title          = "{$W^+W^+$ plus dijet production in the POWHEGBOX}",
      journal        = "Eur. Phys. J.",
      volume         = "C71",
      year           = "2011",
      pages          = "1670",
      doi            = "10.1140/epjc/s10052-011-1670-x",
      eprint         = "1102.4846",
      archivePrefix  = "arXiv",
      primaryClass   = "hep-ph",
      SLACcitation   = "%%CITATION = ARXIV:1102.4846;%%"
}

@article{Melia:2010bm,
      author         = "Melia, Tom and Melnikov, Kirill and R{\"o}ntsch, Raoul and
                        Zanderighi, Giulia",
      title          = "{Next-to-leading order QCD predictions for $W^+W^+jj$
                        production at the LHC}",
      journal        = "JHEP",
      volume         = "12",
      year           = "2010",
      pages          = "053",
      doi            = "10.1007/JHEP12(2010)053",
      eprint         = "1007.5313",
      archivePrefix  = "arXiv",
      primaryClass   = "hep-ph",
      SLACcitation   = "%%CITATION = ARXIV:1007.5313;%%"
}

@article{Campanario:2013gea,
      author         = "Campanario, Francisco and Kerner, Matthias and Ninh, Le
                        Duc and Zeppenfeld, Dieter",
      title          = "{Next-to-leading order QCD corrections to $W^+W^+$ and
                        $W^-W^-$ production in association with two jets}",
      journal        = "Phys. Rev.",
      volume         = "D89",
      year           = "2014",
      number         = "5",
      pages          = "054009",
      doi            = "10.1103/PhysRevD.89.054009",
      eprint         = "1311.6738",
      archivePrefix  = "arXiv",
      primaryClass   = "hep-ph",
      reportNumber   = "FTUV-13-2211, IFC-13-89, KA-TP-39-2013, LPN13-096,
                        SFB-CPP-13-106",
      SLACcitation   = "%%CITATION = ARXIV:1311.6738;%%"
}

@unpublished{MoCaNLO,
      author         = "Feger, Robert",
      title          = "{MoCaNLO: a generic Monte
		      Carlo event generator for NLO calculations
		      of hadron-collider processes}",
      year           = "2015",
      note           = "unpublished"
}